<?xml version="1.0" encoding="UTF-8" ?>
<record Numero="14823634" format="InterXMarc_Complet" type="Authority">
<leader>00805c1 au22000272  45  <Pos Code="0004">00805</Pos>
<Pos Code="05" Sens="notice modifiée">c</Pos>
<Pos Code="06" Sens="notice validée en catalogage courant">1</Pos>
<Pos Code="08" Sens="notice d&apos;autorité">a</Pos>
<Pos Code="09" Sens="titre uniforme musical (TUM)">u</Pos>
<Pos Code="10">2</Pos>
<Pos Code="11">2</Pos>
<Pos Code="1216">00027</Pos>
<Pos Code="17" Sens="autres cas">2</Pos>
<Pos Code="20">4</Pos>
<Pos Code="21">5</Pos>
</leader>
<controlfield tag="001">FRBNF148236342<Pos Code="0001">FR</Pos>
<Pos Code="0204">BNF</Pos>
<Pos Code="0512">14823634</Pos>
<Pos Code="13">2</Pos>
</controlfield>
<controlfield tag="008">020306110411yy    qua       1797                             1   <Pos Code="0001">02</Pos>
<Pos Code="0203">03</Pos>
<Pos Code="0405">06</Pos>
<Pos Code="0607">11</Pos>
<Pos Code="0809">04</Pos>
<Pos Code="1011">11</Pos>
<Pos Code="1213" Sens="ne s&apos;applique pas">yy</Pos>
<Pos Code="1820" Sens="quatuor instrumental">qua</Pos>
<Pos Code="2831">1797</Pos>
<Pos Code="61" Sens="La vedette peut être liée à une notice bibliographique sauf pour l&apos;accès matière RAMEAU">1</Pos>
</controlfield>
<datafield tag="048" ind1=" " ind2=" ">
	<subfield code="a">sa02<Pos Code="0001" Sens="cordes frottées - violon">sa</Pos>
<Pos Code="02">0</Pos>
<Pos Code="03">2</Pos>
</subfield>
	<subfield code="a">sb01<Pos Code="0001" Sens="cordes frottées - alto">sb</Pos>
<Pos Code="02">0</Pos>
<Pos Code="03">1</Pos>
</subfield>
	<subfield code="a">sc01<Pos Code="0001" Sens="cordes frottées - violoncelle">sc</Pos>
<Pos Code="02">0</Pos>
<Pos Code="03">1</Pos>
</subfield>
</datafield>
<datafield tag="100" ind1=" " ind2=" ">
	<subfield code="3">13895053</subfield>
	<subfield code="w"> 0  b     </subfield>
	<subfield code="a">Haydn</subfield>
	<subfield code="m">Joseph</subfield>
	<subfield code="d">1732-1809</subfield>
</datafield>
<datafield tag="144" ind1="1" ind2=" ">
	<subfield code="w">....b.fre.</subfield>
	<subfield code="a">Quatuors</subfield>
	<subfield code="b">Cordes</subfield>
	<subfield code="k">Hob III 75</subfield>
	<subfield code="t">Sol majeur</subfield>
</datafield>
<datafield tag="301" ind1=" " ind2=" ">
	<subfield code="3">16500963</subfield>
	<subfield code="a">Segovia</subfield>
	<subfield code="m">Andrés</subfield>
	<subfield code="d">1893-1987</subfield>
	<subfield code="t">[Transcriptions. Haydn, Joseph. Quatuor à cordes. Op. 76, no 1. Menuet et trio. Guitare]</subfield>
</datafield>
<datafield tag="301" ind1=" " ind2=" ">
	<subfield code="r">Arrangé par</subfield>
	<subfield code="3">16500963</subfield>
	<subfield code="a">Segovia</subfield>
	<subfield code="m">Andrés</subfield>
	<subfield code="d">1893-1987</subfield>
	<subfield code="t">[Transcriptions. Haydn, Joseph. Quatuor à cordes. Op. 76, no 1. Menuet et trio. Guitare]</subfield>
</datafield>
<datafield tag="444" ind1="1" ind2=" ">
	<subfield code="w">....b.fre.</subfield>
	<subfield code="a">Quatuors</subfield>
	<subfield code="b">Cordes</subfield>
	<subfield code="p">Op. 76, no 1</subfield>
	<subfield code="t">Sol majeur</subfield>
</datafield>
<datafield tag="502" ind1=" " ind2=" ">
	<subfield code="3">13913396</subfield>
	<subfield code="a">Haydn</subfield>
	<subfield code="m">Joseph</subfield>
	<subfield code="d">1732-1809</subfield>
	<subfield code="t" Barre="3">[6 quatuors. Hob III 75-80]</subfield>
</datafield>
<datafield tag="600" ind1=" " ind2=" ">
	<subfield code="a">Date de composition : 1797</subfield>
</datafield>
<datafield tag="610" ind1=" " ind2=" ">
	<subfield code="a">Hoboken, Haydn</subfield>
</datafield>
<datafield tag="917" ind1=" " ind2=" ">
	<subfield code="o">OPD</subfield>
	<subfield code="a">100505160</subfield>
	<subfield code="b">ATUM</subfield>
</datafield>
<datafield tag="917" ind1=" " ind2=" ">
	<subfield code="o">OPC</subfield>
	<subfield code="a">100425090</subfield>
</datafield>
<datafield tag="996" ind1=" " ind2=" ">
	<subfield code="o">OPP</subfield>
	<subfield code="a">13913395</subfield>
	<subfield code="d">20070913</subfield>
</datafield>
<Alter Ori="13895053">
<datafield tag="400" ind1=" " ind2=" ">
	<subfield code="w">    b     </subfield>
	<subfield code="a">Haydn</subfield>
	<subfield code="m">Franz Joseph</subfield>
	<subfield code="d">1732-1809</subfield>
</datafield>
<datafield tag="031" ind1=" " ind2=" ">
	<subfield code="a">0000000121441049</subfield>
	<subfield code="2" Sens="ISNI chargé à partir de VIAF">VIAF</subfield>
	<subfield code="d">20130731<Pos Code="0003">2013</Pos>
<Pos Code="0407" Sens="31 juillet">0731</Pos>
</subfield>
</datafield>
</Alter>
<Attr Nom="IDPerenne">ark:/12148/cb148236346</Attr>
<Attr Nom="NumSource">OPD 100505160</Attr>
<Attr Nom="Source" Sens="BnF catalogue général (depuis 1999)">A</Attr>
<Attr Nom="NumAutoriteLiee">138950531650096313913396</Attr>
<Attr Nom="DateCreation">06/03/ 2002</Attr>
<Attr Nom="ResponsableCreation">MIGV3</Attr>
<Attr Nom="StructCreation">1</Attr>
<Attr Nom="DateDerniereValidation">17/12/ 2014</Attr>
<Attr Nom="ResponsableDerniereValidation">MIGV4</Attr>
<Attr Nom="StructPremiereValidation">1</Attr>
<Attr Nom="DatePremiereValidation">06/03/ 2002</Attr>
<Attr Nom="ResponsablePremiereValidation">MIGV3</Attr>
<Attr Nom="StructDerniereValidation">1</Attr>
<Attr Nom="NumSource" Rep="1">OPC 100425090</Attr>
<Attr Nom="NumSource" Rep="2">OPP 13913395</Attr>
</record>
